@article{sweinberg1989,
  title = {The cosmological constant problem},
  author = {Weinberg, Steven},
  journal = {Rev. Mod. Phys.},
  volume = {61},
  issue = {1},
  pages = {1--23},
  numpages = {0},
  year = {1989},
  month = {Jan},
  publisher = {American Physical Society},
  doi = {10.1103/RevModPhys.61.1},
  url = {https://link.aps.org/doi/10.1103/RevModPhys.61.1}
}

@ARTICLE{2002NCimB.117..687P,
       author = {{Palle}, D.},
        title = "{On the large-scale inhomogeneous Universe and the cosmological constant}",
      journal = {Nuovo Cimento B Serie},
     keywords = {Astrophysics, General Relativity and Quantum Cosmology, High Energy Physics - Phenomenology},
         year = 2002,
        month = jun,
       volume = {117},
       number = {6},
        pages = {687},
          doi = {10.48550/arXiv.astro-ph/0205462},
archivePrefix = {arXiv},
       eprint = {astro-ph/0205462},
 primaryClass = {astro-ph},
       adsurl = {https://ui.adsabs.harvard.edu/abs/2002NCimB.117..687P},
      adsnote = {Provided by the SAO/NASA Astrophysics Data System}
}

@ARTICLE{2015arXiv150601692H,
       author = {{Harrison}, J. and {Pugh}, H.},
        title = "{Solutions to the Reifenberg Plateau problem with cohomological spanning conditions}",
      journal = {arXiv e-prints},
     keywords = {Mathematics - Analysis of PDEs, Mathematical Physics, Mathematics - Differential Geometry, 49Q20, 49Q10, 53C42},
         year = 2015,
        month = jun,
          eid = {arXiv:1506.01692},
        pages = {arXiv:1506.01692},
          doi = {10.48550/arXiv.1506.01692},
archivePrefix = {arXiv},
       eprint = {1506.01692},
 primaryClass = {math.AP},
       adsurl = {https://ui.adsabs.harvard.edu/abs/2015arXiv150601692H},
      adsnote = {Provided by the SAO/NASA Astrophysics Data System}
}

